@article{HAS04,
   TITLE={Vertical Relationships and Competition in Retail Gasoline Markets: Empirical Evidence from Contract Changes in Southern California.},
   AUTHOR={Hastings, J.},
   YEAR={2004},
   JOURNAL={The American Economic Review},
   VOLUME={94},
   NUMBER={1},
   PAGES={317-328}
}