@article{STI61,
   TITLE={The Economics of Information},
   AUTHOR={Stigler, G.},
   YEAR={1961},
   JOURNAL={The Journal of Political Economy},
   VOLUME={69},
   NUMBER={3},
   PAGES={213-25}
}

@article{DIA71,
   TITLE={A Model of Price Adjustment},
   AUTHOR={Diamond, P.A.},
   YEAR={1971},
   JOURNAL={Journal of Economic Theory},
   VOLUME={3},
   NUMBER={2},
   PAGES={156-158}
}

@Article{SAL77b,
  author={Salop, Steven and Stiglitz, Joseph E},
  title={Bargains and Ripoffs: A Model of Monopolistically Competitive Price Dispersion},
  journal={Review of Economic Studies},
  year=1977,
  volume={44},
  number={3},
  pages={493-510}
}

@article{REI79,
   TITLE={A Simple Model of Equilibirum Price Dispersion},
   AUTHOR={Reinganum, J.},
   YEAR={1979},
   JOURNAL={Journal of Political Economy},
   NUMBER={87},
   PAGES={851-858}
}

@article{VAR80,
   TITLE={A Model of Sales},
   AUTHOR={Varian, H.R.},
   YEAR={1980},
   JOURNAL={American Economic review},
   VOLUME={70},
   NUMBER={4},
   PAGES={651-659}
}

@article{BUR83,
   TITLE={Equilibrium Price Dispersion},
   AUTHOR={Burdett, K. and Judd, K. L.},
   YEAR={1983},
   JOURNAL={Econometrica},
   VOLUME={51},
   NUMBER={4},
   PAGES={955-969}
}

@Article{MAS88,
  author={Maskin, Eric and Tirole, Jean},
  title={A Theory of Dynamic Oligopoly, II: Price Competition},
  journal={Econometrica},
  year=1988,
  volume={56},
  number={3},
  pages={571-599}
}

@article{STA89,
   TITLE={Oligopolistic Pricing with Sequential Consumer Search},
   AUTHOR={Stahl, D.O.},
   YEAR={1989},
   JOURNAL={American Economic Review},
   VOLUME={79},
   NUMBER={4},
   PAGES={700-712}
}

@Article{MCA95,
  author={McAfee, R. Preston},
  title={Multiproduct Equilibrium Price Dispersion},
  journal={Journal of Economic Theory},
  year=1995,
  volume={67},
  number={1},
  pages={83-105}
}

@article{ASP02,
   TITLE={Food Prices and Market Structure in Sweden},
   AUTHOR={Asplund, M. and Friberg, R.},
   YEAR={2002},
   JOURNAL={Scandinavian Journal of Economics},
   VOLUME={104},
   NUMBER={4},
   PAGES={547-566}
}

@article{LAC02,
   TITLE={Existence and Persistence of Price Dispersion: An Empirical Analysis},
   AUTHOR={Lach, Saul},
   YEAR={2002},
   JOURNAL={The Review of Economics and Statistics},
   VOLUME={84},
   NUMBER={3},
   PAGES={433-444}
}

@article{SCH02,
   TITLE={Price Dispersion Then and Now: Evidence from Retail and E-tail Markets},
   AUTHOR={Scholten, Patrick and Adam Smith ,S.},
   YEAR={2002},
   JOURNAL={WP}
}

@article{BER02,
   TITLE={Price Dispersion Then and Now: Evidence from Retail and E-tail Markets},
   AUTHOR={Bertrand, M. and Kramarz, F.},
   YEAR={2002},
   JOURNAL={Quarterly Journal of Economics},
	 VOLUME={117},
   NUMBER={4},
   PAGES={1369-1413}
}

@article{BAY06,
  AUTHOR={Baye, Michael R. and Morgan, John and Scholten, Patrick},
  TITLE={Information, Search, and Price Dispersion},
  YEAR={2006},
  BOOK={Handbook on Economics and Information Systems}
}

@article{HOS08,
   TITLE={Retail Gasoline Pricing: What Do We Know?},
   AUTHOR={Hosken, D. S. and McMillan, R. S. and Taylor, C. T.},
   YEAR={2008},
   JOURNAL={International Journal of Industrial Organization},
   VOLUME={26},
   NUMBER={6},
   PAGES={1425-1436}
}

@Article{ELI09,
  author={Ellison, Glenn and Ellison, Sara Fisher},
  title={Search, Obfuscation, and Price Elasticities on the Internet},
  journal={Econometrica},
  year=2009,
  volume={77},
  number={2},
  pages={427-452}
}

@article{ANG10,
   TITLE={The Credibility Revolution in Empirical Economics: How Better Research Design Is Taking the Con out of Econometrics},
   AUTHOR={Angrist, J.D. and Pischke, J.-S.},
   YEAR={2010},
   JOURNAL={Journal of Economic Perspectives},
   VOLUME={24},
   NUMBER={2},
   PAGES={3-30}
}

@article{EIN10,
   TITLE={Empirical Industrial Organization: A Progress Report},
	 AUTHOR={Einav, L. and Levin, J.},
   YEAR={2010},
   JOURNAL={Journal of Economic Perspectives},
   VOLUME={24},
   NUMBER={2},
   PAGES={145-162}
}

@article{TAP11,
  author={Chandra, Ambarish  and Tappata, Mariano},
  title={Consumer search and dynamic price dispersion: an application to gasoline markets},
  journal={RAND Journal of Economics},
  year=2011,
  volume={42},
  number={4},
  pages={681-704}
}

@Article{DEL11,
  author={De los Santos, Babur and Hortacsu,  Ali and Wildenbeest, Matthijs R.},
  title={Testing Models of Consumer Search using Data on Web Browsing and Purchasing Behavior},
  journal={American Economic Review},
  year=2011
}

@article{HUC11,
   TITLE={Consumer Behavioural Biases in Competition: A Survey},
   AUTHOR={Huck, S. and Zhou, J.},
   YEAR={2011},
   JOURNAL={Munich Personal RePEc},
   NUMBER={31794}
}

@article{BIS13,
   TITLE={The Effects of Retail Regulations on Prices: Evidence from the Loi Galland},
   AUTHOR={Biscourp, P. and Boutin, X. and Verge, T.},
   YEAR={2013},
   JOURNAL={The Economic Journal},
   VOLUME={123},
   NUMBER={573},
   PAGES={1279-1312}
}

@Article{PER15,
  author={Dubois, P. and Perrone, H.},
  title={Price dispersion and informational frictions: Evidence from Supermarket Purchases },
  journal={Working paper},
  year={2015}
}

@Article{CHA16,
  author={E. Chamayou},
  title={Price Dispersion in the French retail gasoline market},
  journal={Working paper},
  year={2016}
}

@article{TUR16,
   TITLE={Spatial Competition in the French Supermarket Industry},
   AUTHOR={Turolla, S.},
   YEAR={2016},
   JOURNAL={Annals of Economics and Statistics (Forthcoming)}
}

@article{ALL16a,
   TITLE={Politique tarifaire locale ou nationale : Quel impact pour le contr√¥le des concentrations dans le secteur de la distribution},
   AUTHOR={Allain, M.-L. and Chambolle, C. and Turolla, S.},
   YEAR={2016},
   JOURNAL={Revue Economique},
   VOLUME={63},
   PAGES={53-67}
}

@article{ALL16b,
   TITLE={Retail Mergers and Food Prices},
   AUTHOR={Allain, M.-L. and Chambolle, C. and Turolla, S. and Villas-Boas, S.B.},
   YEAR={2016},
   JOURNAL={Retail Mergers and Food Prices (Forthcoming)}
}
