@article{STI61,
   TITLE={The Economics of Information},
   AUTHOR={Stigler, G.},
   YEAR={1961},
   JOURNAL={The Journal of Political Economy},
   VOLUME={69},
   NUMBER={3},
   PAGES={213-25}
}

@article{MAC70,
   TITLE={Economics of Information and Job Search},
   AUTHOR={McCall, J.J.},
   YEAR={1970},
   JOURNAL={The Quarterly Journal of Economics},
   VOLUME={84},
   NUMBER={1},
   PAGES={113-26}
}

@article{NEL70,
   TITLE={Information and Consumer Behavior},
   AUTHOR={Nelson, P.},
   YEAR={1970},
   JOURNAL={Journal of Political Economy},
   VOLUME={78},
   NUMBER={2},
   PAGES={311-329}
}

@article{DIA71,
   TITLE={A Model of Price Adjustment},
   AUTHOR={Diamond, P.A.},
   YEAR={1971},
   JOURNAL={Journal of Economic Theory},
   VOLUME={3},
   NUMBER={2},
   PAGES={156-158}
}

@article{ROT73,
   TITLE={Models of Market Organization with Imperfect Information: A Survey},
   AUTHOR={Rothschild, M.},
   YEAR={1973},
   JOURNAL={Journal of Political Economy},
   VOLUME={81},
   NUMBER={6},
   PAGES={1283-1308}
}

@article{ROT74,
   TITLE={Searching for the Lowest Price When the Distribution of Prices is Unknown},
   AUTHOR={Rothschild, M.},
   YEAR={1974},
   JOURNAL={Journal of Political Economy},
   VOLUME={82},
   NUMBER={4},
   PAGES={689-711}
}

@article{KOH74,
   TITLE={The Theory of Search},
   AUTHOR={Kohn, M.G. and Shavell, S.},
   YEAR={1974},
   JOURNAL={Journal of Economic Theory},
   VOLUME={9},
   NUMBER={2},
   PAGES={93-123}
}

@article{GAS76,
   TITLE={On Probabilistic Models of Consumer Search for Information},
   AUTHOR={Gastwirth, J.L.},
   YEAR={1976},
   JOURNAL={The Quarterly Journal of Economics},
   VOLUME={90},
   NUMBER={1},
   PAGES={38-50}
}

@Article{SAL77a,
  author={Salop, Steven},
  title={The Noisy Monopolist: Imperfect Information, Price Dispersion and Price Discrimination},
  journal={Review of Economic Studies},
  year=1977,
  volume={44},
  number={3},
  pages={393-406}
}

@Article{SAL77b,
  author={Salop, Steven and Stiglitz, Joseph E},
  title={Bargains and Ripoffs: A Model of Monopolistically Competitive Price Dispersion},
  journal={Review of Economic Studies},
  year=1977,
  volume={44},
  number={3},
  pages={493-510}
}


@Article{MAS88,
  author={Maskin, Eric and Tirole, Jean},
  title={A Theory of Dynamic Oligopoly, II: Price Competition},
  journal={Econometrica},
  year=1988,
  volume={56},
  number={3},
  pages={571-599}
}

@article{REI79,
   TITLE={A Simple Model of Equilibirum Price Dispersion},
   AUTHOR={Reinganum, J.},
   YEAR={1979},
   JOURNAL={Journal of Political Economy},
   NUMBER={87},
   PAGES={851-858}
}


@article{PRA79,
   TITLE={Price Differences in Almost Competitive Markets},
   AUTHOR={Pratt, J.W and Wise, D.A. and Zeckhauser, R.},
   YEAR={1979},
   JOURNAL={The Quarterly Journal of Economics},
   VOLUME={93},
   NUMBER={2},
   PAGES={189-211}
}

@article{VAR80,
   TITLE={A Model of Sales},
   AUTHOR={Varian, H.R.},
   YEAR={1980},
   JOURNAL={American Economic review},
   VOLUME={70},
   NUMBER={4},
   PAGES={651-659}
}

@article{BUR83,
   TITLE={Equilibrium Price Dispersion},
   AUTHOR={Burdett, K. and Judd, K. L.},
   YEAR={1983},
   JOURNAL={Econometrica},
   VOLUME={51},
   NUMBER={4},
   PAGES={955-969}
}

@Article{MAS88,
  author={Maskin, Eric and Tirole, Jean},
  title={A Theory of Dynamic Oligopoly, II: Price Competition},
  journal={Econometrica},
  year=1988,
  volume={56},
  number={3},
  pages={571-599}
}

@article{STA89,
   TITLE={Oligopolistic Pricing with Sequential Consumer Search},
   AUTHOR={Stahl, D.O.},
   YEAR={1989},
   JOURNAL={American Economic Review},
   VOLUME={79},
   NUMBER={4},
   PAGES={700-712}
}

@article{BAC91,
  author= {Bacon, Robert},
  title = {Rockets and Feathers: The Asymmetric Speed of Adjustment of U.K. Retail Gasoline Prices to Cost Changes},
  journal = {Energy Economics},
  volume = {XIII},
  pages = {211-18},
  year = {1991}
}

@Article{MCA95,
  author={McAfee, R. Preston},
  title={Multiproduct Equilibrium Price Dispersion},
  journal={Journal of Economic Theory},
  year=1995,
  volume={67},
  number={1},
  pages={83-105}
}

@article{BOR97,
  author= {Borenstein, S. and Cameron, A.C. and Gilbert, R.},
  title = {Do Gasoline Price respond asymmetrically to crude oil price changes?},
  journal = {The Quarterly Journal of Economics},
  volume = {112},
  pages = {305-399},
  year = {1997}
}

@article{RAU01,
  author={Michael T. Rauh},
  title={Heterogeneous beliefs, price dispersion, and welfare-improving price controls},
  journal={Economic Theory},
  year=2001,
  volume={18},
  number={3},
  pages={577-603}
}

@article{BAY01,
   TITLE={Information Gatekeepers on the Internet and the Competitiveness of Homogeneous Product Markets},
   AUTHOR={Baye, M.R. and Morgan, J.},
   YEAR={2001},
   JOURNAL={American Economic Review},
   VOLUME={91},
   NUMBER={3},
   PAGES={454-474}
}

@article{LAC02,
   TITLE={Existence and Persistence of Price Dispersion: An Empirical Analysis},
   AUTHOR={Lach, Saul},
   YEAR={2002},
   JOURNAL={The Review of Economics and Statistics},
   VOLUME={84},
   NUMBER={3},
   PAGES={433-444}
}

@article{SCH02,
   TITLE={Price Dispersion Then and Now: Evidence from Retail and E-tail Markets},
   AUTHOR={Scholten, Patrick and Adam Smith ,S.},
   YEAR={2002},
   JOURNAL={WP}
}

@Article{ECK02,
  author={Eckert, Andrew},
  title={Retail Price Cycles and Response Asymmetry},
  journal={The Canadian Journal of Economics},
  year=2002,
  volume={35},
  pages={52-77}
}

@Article{ECK03,
  author={Eckert, Andrew},
  title={Retail Price Cycles and the Presence of Small Firms},
  journal={International Journal of Industrial Organization},
  year=2003,
  volume={21},
  pages={151-170}
}

@Article{ECK04a,
  author={Eckert, Andrew and Douglas, S. West},
  title={Retail Gasoline Price Cycles Across Spatially Dispersed Gasoline Stations},
  journal={Journal of Law and Economics},
  year=2004,
  volume={47},
  pages={245-273}
}

@Article{ECK04b,
  author={Eckert, Andrew and Douglas, S. West},
  title={A Tale of Two Cities: Price Uniformity and Price Volatility in Gasoline Retailing},
  journal={Annals of Regional Science},
  year=2004,
  volume={38},
  pages={25-46}
}

@article{ECK04,
   TITLE={The "Law of One Price" in 1901},
   AUTHOR={Eckard, Andrew},
   YEAR={2004},
   JOURNAL={Economic Inquiry},
   VOLUME={42},
   NUMBER={1},
   PAGES={101-110}
}

@article{BAY04a,
   TITLE={Price Dispersion in the Small and in the Large: Evidence from an Internet Price Comparison Site},
   AUTHOR={Baye, Michael R. and Morgan, John. and Scholten, Patrick},
   YEAR={2004},
   JOURNAL={The Journal of Industrial Economics},
   VOLUME={52},
   NUMBER={4},
   PAGES={463-496}
}

@article{BAY04b,
   TITLE={Temporal Price Dispersion: Evidence from an Online Consumer Eletronics Market},
   AUTHOR={Baye, Michael R. and Morgan, John. and Scholten, Patrick},
   YEAR={2004},
   JOURNAL={Journal of Interactive Marketing},
   VOLUME={18},
   NUMBER={4},
   PAGES={101-115}
}

@article{BAY04c,
   TITLE={Dispersion in the Lab and on the Internet: Theory and Evidence},
   AUTHOR={Baye, Michael R. and Morgan John.},
   YEAR={2004},
   JOURNAL={The RAND Journal of Economics},
   VOLUME={35},
   NUMBER={3},
   PAGES={449-466}
}

@article{BAR04,
   TITLE={Number of Sellers, Average Prices and Price Dispersion},
   AUTHOR={Barron, J. and Taylor, B. and Umbeck, J.},
   YEAR={2004},
   JOURNAL={International Journal of Industrial Organization},
   VOLUME={22},
   PAGES={1041-1066}
}

@article{HAS04,
   TITLE={Vertical Relationships and Competition in Retail Gasoline Markets: Empirical Evidence from Contract Changes in Southern California},
   AUTHOR={Hastings, J.},
   YEAR={2004},
   JOURNAL={The American Economic Review},
   VOLUME={94},
   NUMBER={1},
   PAGES={317-328}
}

@article{BAY06,
  AUTHOR={Baye, Michael R. and Morgan, John and Scholten, Patrick},
  TITLE={Information, Search, and Price Dispersion},
  YEAR={2006},
  BOOK={Handbook on Economics and Information Systems}
}

@ARTICLE{NOE07a,
title = {Edgeworth Price Cycles, Cost-based Pricing and Sticky Pricing in Retail Gasoline Markets},
author = {Noel, Michael D.},
year = {2007},
journal = {Review of Economics and Statistics},
volume = {89},
pages = {324-334},
}

@ARTICLE{NOE07b,
title = {Edgeworth Price Cycles: Evidence from the Toronto Retail Gasoline Market},
author = {Noel, Michael D.},
year = {2007},
journal = {Journal of Industrial Economics},
volume = {55},
pages = {69-92},
}

@ARTICLE{NOE08,
title = {Edgeworth Price Cycles: Computational Dynamic Markov Equilibria},
author = {Noel, Michael D.},
year = {2008},
journal = {Journal of Economics and Management Strategy},
volume = {17},
number={2},
pages = {345-377},
}

@ARTICLE{LEW08,
title = {Price Dispersion and Competition with Differentiated Sellers},
author = {Lewis, Matthew},
year = {2008},
journal = {The Journal of Industrial Economics},
volume = {56},
number={3},
pages = {654-678},
}

@article{HOS08,
   TITLE={Retail Gasoline Pricing: What Do We Know?},
   AUTHOR={Hosken, D. S. and McMillan, R. S. and Taylor, C. T.},
   YEAR={2008},
   JOURNAL={International Journal of Industrial Organization},
   VOLUME={26},
   NUMBER={6},
   PAGES={1425-1436}
}

@ARTICLE{LEW09,
title = {Temporary Wholesale Gasoline Price Spikes have Long-lasting Retail Effects: The Aftermath of Hurricane Rita},
author = {Lewis, Matthew},
year = {2009},
journal = {Journal of Law and Economics},
volume = {52},
number={3},
pages = {581-605},
}

@article{TAP09,
   TITLE={Rockets and Feathers: Understanding Asymmetric Pricing},
   AUTHOR={Tappata, M.E.},
   YEAR={2009},
   VOLUME={40},
   NUMBER={4},
   JOURNAL={RAND}
}

@Article{ELI09,
  author={Ellison, Glenn and Ellison, Sara Fisher},
  title={Search, Obfuscation, and Price Elasticities on the Internet},
  journal={Econometrica},
  year=2009,
  volume={77},
  number={2},
  pages={427-452}
}

@article{TAY10,
   TITLE={Vertical Relationships and Competition in Retail Gasoline Markets: Empirical Evidence from Contract Changes in Southern California: Comment},
   AUTHOR={Taylor, C. T and Kreisle, N. M and Zimmerman, P. R.},
   YEAR={2010},
   JOURNAL={American Economic Review},
   VOLUME={100},
   NUMBER={3},
   PAGES={1269-76}
}

@article{TAP11,
  author={Chandra, Ambarish  and Tappata, Mariano},
  title={Consumer Search and Dynamic Price Dispersion: an Application to Gasoline Markets},
  journal={RAND Journal of Economics},
  year=2011,
  volume={42},
  number={4},
  pages={681-704}
}

@Article{WIL11,
  author={Wildenbeest, Matthijs R.},
  title={An Empirical Model of Search with Vertically Differentiated Products},
  journal={RAND Journal of Economics},
  year=2011,
  volume={42},
  number={4},
  pages={729-757}
}

@Article{LEW11a,
  author={Lewis, Matthew and Noel, Michael},
  title={The Speed of Gasoline Price Response in Markets with and without Edgeworth Cycles},
  journal={The Review of Economics and Statistics},
  year=2011,
  volume={93},
  number={2},
  pages={672-682}
}

@Article{LEW11b,
  author={Lewis, Matthew},
  title={Asymmetric Price Adjustment and Consumer Search: An Examination of the Retail Gasoline Market},
  journal={Journal of Economics and Management Strategy},
  year=2011,
  volume={20},
  number={2},
  pages={409-449}
}

@Article{LEW11c,
  author={Lewis, Matthew S. and Marvel, Howard P},
  title={When do consumers search?},
  journal={The Journal of Industrial Economics},
  year=2011,
  volume={59},
  number={3},
  pages={457-482}
}

@article{BAC11,
  author= {Bachis, Enrico and Piga, Claudio A.},
  title = {Low-cost Airlines and Online Price Dispersion},
  journal = {International Journal of Industrial Organization},
  volume = {29},
  number = {6},
  pages = {655-667},
  year = {2011}
}

@Article{DEL11,
  author={De los Santos, Babur and Hortacsu,  Ali and Wildenbeest, Matthijs R.},
  title={Testing Models of Consumer Search using Data on Web Browsing and Purchasing Behavior},
  journal={American Economic Review},
  year=2011
}

@article{HUC11,
   TITLE={Consumer Behavioural Biases in Competition: A Survey},
   AUTHOR={Huck, S. and Zhou, J.},
   YEAR={2011},
   JOURNAL={Munich Personal RePEc},
   NUMBER={31794}
}

@Article{LEW12,
  author={Lewis, Matthew},
  title={Price Leadership and Cooperation in Retail Gasoline Markets with Price Cycles},
  journal={International Journal of Industrial Organization},
  year=2012,
  volume={},
  number={2},
  pages={409-449}
}

@article{ZIM12,
   TITLE={The Competitive Impact of Hypermarket Retailers on Gasoline Prices},
   AUTHOR={Zimmerman, P. R.},
   YEAR={2012},
   JOURNAL={Journal of Law and Economics},
   VOLUME={55},
   NUMBER={1},
   PAGES={27-41}
}

@article{BEL12,
   TITLE={Les Prix, les Marges et la Consommation de Carburants},
   AUTHOR={Bellec, G. and Bolliet, A. and Meslin, O. and Ravignon, B. and Serres, H.},
   YEAR={2012},
   JOURNAL={Rapport au Ministre de l’Économie et des Finances},
}

@article{HOU12,
   TITLE={Spatial Differentiation and Vertical Mergers in Retail Markets for Gasoline},
   AUTHOR={Houde, J.-F.},
   YEAR={2008},
   JOURNAL={American Economic Review},
   VOLUME={105},
   NUMBER={5},
   PAGES={2147-82}
}

@article{ECK13,
   TITLE={Empirical Studies Of Gasoline Retailing: A Guide To The Literature},
   AUTHOR={Eckert, A.},
   YEAR={2013},
   JOURNAL={Journal of Economic Surveys},
	 VOLUME={27},
   NUMBER={1},
   PAGES={140-166}
}

@article{GAU15,
   TITLE={The Dynamics of Gasoline Prices: Evidence from Daily French Micro Data},
   AUTHOR={Gautier, E. and Le Saout, R.},
   YEAR={2015},
   JOURNAL={Journal of Money, Credit and Banking},
   VOLUME={47},
   NUMBER={6},
   PAGES={1063-1089}
}

@article{BRU15,
  author= {Bruzikas, T. and Soetevent, A. R.},
  title = {The Proliferating of Unmanned Fuel Retailing and Cost Pass-Through: Empirical Evidence from The Netherlands},
  journal = {Working Paper},
  volume = {},
  pages = {},
  year = {2015}
}

@article{PEN15,
  author= {Pennerstorfer, D. and Schmidt-Dengler, P. and Schutz, N. and Weiss, C. and Yontcheva, B.},
  title = {Information and Price Dispersion: Theory and Evidence},
  journal = {Working Paper},
  volume = {},
  pages = {},
  year = {2015}
}

@article{CHA16,
  author= {Chamayou, Etienne and Le Saout, Ronan},
  title = {Changement d'Enseigne sur le March\'{e} Fran{\c c}ais des Carburants: Effets sur la Concurrence Locale d'une Baisse des Prix},
  journal = {Revue Economique (forthcoming)},
  volume = {},
  pages = {},
  year = {2016}
}
