@article{STI61,
   TITLE={The Economics of Information},
   AUTHOR={Stigler, G.},
   YEAR={1961},
   JOURNAL={The Journal of Political Economy},
   VOLUME={69},
   NUMBER={3},
   PAGES={213-25}
}

@article{DIA71,
   TITLE={A Model of Price Adjustment},
   AUTHOR={Diamond, P.A.},
   YEAR={1971},
   JOURNAL={Journal of Economic Theory},
   VOLUME={3},
   NUMBER={2},
   PAGES={156-158}
}

@Article{SAL77b,
  author={Salop, Steven and Stiglitz, Joseph E},
  title={Bargains and Ripoffs: A Model of Monopolistically Competitive Price Dispersion},
  journal={Review of Economic Studies},
  year=1977,
  volume={44},
  number={3},
  pages={493-510}
}

@article{REI79,
   TITLE={A Simple Model of Equilibirum Price Dispersion},
   AUTHOR={Reinganum, J.},
   YEAR={1979},
   JOURNAL={Journal of Political Economy},
   NUMBER={87},
   PAGES={851-858}
}

@article{VAR80,
   TITLE={A Model of Sales},
   AUTHOR={Varian, H.R.},
   YEAR={1980},
   JOURNAL={American Economic review},
   VOLUME={70},
   NUMBER={4},
   PAGES={651-659}
}

@article{BUR83,
   TITLE={Equilibrium Price Dispersion},
   AUTHOR={Burdett, K. and Judd, K. L.},
   YEAR={1983},
   JOURNAL={Econometrica},
   VOLUME={51},
   NUMBER={4},
   PAGES={955-969}
}

@article{STA89,
   TITLE={Oligopolistic Pricing with Sequential Consumer Search},
   AUTHOR={Stahl, D.O.},
   YEAR={1989},
   JOURNAL={American Economic Review},
   VOLUME={79},
   NUMBER={4},
   PAGES={700-712}
}

@article{TAP09,
   TITLE={Rockets and Feathers: Understanding Asymmetric Pricing},
   AUTHOR={Tappata, M.E.},
   YEAR={2009},
   VOLUME={40},
   NUMBER={4},
   JOURNAL={RAND}
}

@article{HUC11,
   TITLE={Consumer Behavioural Biases in Competition: A Survey},
   AUTHOR={Huck, S. and Zhou, J.},
   YEAR={2011},
   JOURNAL={Munich Personal RePEc},
   NUMBER={31794}
}

@article{LAC02,
   TITLE={Existence and Persistence of Price Dispersion: An Empirical Analysis},
   AUTHOR={Lach, Saul},
   YEAR={2002},
   JOURNAL={The Review of Economics and Statistics},
   VOLUME={84},
   NUMBER={3},
   PAGES={433-444}
}

@article{SCH02,
   TITLE={Price Dispersion Then and Now: Evidence from Retail and E-tail Markets},
   AUTHOR={Scholten, Patrick and Adam Smith ,S.},
   YEAR={2002},
   JOURNAL={WP}
}

@article{BAY06,
  AUTHOR={Baye, Michael R. and Morgan, John and Scholten, Patrick},
  TITLE={Information, Search, and Price Dispersion},
  YEAR={2006},
  BOOK={Handbook on Economics and Information Systems}
}

@article{TAP11,
  author={Chandra, Ambarish  and Tappata, Mariano},
  title={Consumer search and dynamic price dispersion: an application to gasoline markets},
  journal={RAND Journal of Economics},
  year=2011,
  volume={42},
  number={4},
  pages={681-704}
}

@Article{ELI09,
  author={Ellison, Glenn and Ellison, Sara Fisher},
  title={Search, Obfuscation, and Price Elasticities on the Internet},
  journal={Econometrica},
  year=2009,
  volume={77},
  number={2},
  pages={427-452}
}

@Article{DEL11,
  author={De los Santos, Babur and Hortacsu,  Ali and Wildenbeest, Matthijs R.},
  title={Testing Models of Consumer Search using Data on Web Browsing and Purchasing Behavior},
  journal={American Economic Review},
  year=2011
}

@Article{MAS88,
  author={Maskin, Eric and Tirole, Jean},
  title={A Theory of Dynamic Oligopoly, II: Price Competition},
  journal={Econometrica},
  year=1988,
  volume={56},
  number={3},
  pages={571-599}
}


@Article{MCA95,
  author={McAfee, R. Preston},
  title={Multiproduct Equilibrium Price Dispersion},
  journal={Journal of Economic Theory},
  year=1995,
  volume={67},
  number={1},
  pages={83-105}
}


@Article{CHA15,
  author={E. Chamayou},
  title={Price Dispersion in the French retail gasoline market},
  journal={Working paper},
  year=2015
}